@book{Deitel:2002,
  author = {H. M. Deitel and P. J. Deitel and T. R. Nieto},
  title = {Internet \& World Wide Web, How to Program},
  publisher = {Prentice Hall},
  year = 2002,
  address = {Upper Saddle River, New Jersey, USA},
  annote = {1366p},
}
@book{FrameSynchronization,
  author = {J. D. Andersen},
  title = {Frame Synchronization},
  year = 2010,
}
@book{ProductCodes,
  author = {J. D. Andersen},
  title = {PRODUCT CODES FOR OPTICAL COMMUNICATION},
  year = 2010,
}
@book{CyclingHammingCodes,
  author = {J. D. Andersen},
  title = {Encoding and Decoding of Cyclic Hamming Codes},
  year = 2010,
}
